<?xml version="1.0" encoding="UTF-8"?><collection xmlns="http://www.loc.gov/MARC21/slim"><record><leader>00349nam--2200121-i-4500</leader><controlfield tag="001">000018345</controlfield><controlfield tag="002">20161230</controlfield><controlfield tag="005">20161230201032</controlfield><controlfield tag="008">060222s1000------------r-----000-0-eng-d</controlfield><datafield ind1=" " ind2=" " tag="100"><subfield code="a">Fock, V</subfield></datafield><datafield ind1=" " ind2=" " tag="245"><subfield code="a">The theory of space time and gravitation. translated from russian by n.kemmer</subfield></datafield><datafield ind1=" " ind2=" " tag="260"><subfield code="a">London, Pergamon Press, 1959. Xviii + 411 P</subfield></datafield><datafield ind1=" " ind2=" " tag="852"><subfield code="a">14861</subfield></datafield></record></collection>